@Manual{R-tibble,
  title = {Corporate Transparency Index for State Owned Enterprises},
  author = {Ana Moreno, Fernanda Ballesteros and Marcos Ramos},
  year = {2019},
  publisher = {México Evalúa},
  url = {https://www.mexicoevalua.org/mexicoevalua/wp-content/uploads/2019/09/corporatetransparency.pdf},
}

@Manual{R-vitae,
  title = {Promoting Transparency
and Anticorruption in State Owned Enterprises },
  author = {Andrea Castagnola, Paula Núñez,Gonzalo Diéguez, Ana Moreno,
Marcos Ramos,Fernanda Ballesteros, Katja Bechtel, María Berazategui},
  year = {2018},
  publisher = {CIPPEC},
  url = {https://www.g20-insights.org/wp-content/uploads/2018/08/TF8-8-12-PolicyBrief-T20-EPE-english-june-28-FINAL-1.pdf},
}

